<record xmlns='http://www.loc.gov/MARC21/slim'
><leader
  >02525ntm a2200325Ii 4500</leader
  ><controlfield tag='001'
  >991058310490906011</controlfield
  ><controlfield tag='005'
  >20220527141759.0</controlfield
  ><controlfield tag='008'
  >220526q16001699it            000 0 eng d</controlfield
  ><datafield ind1=' ' ind2=' ' tag='035'
  ><subfield code='a'
    >(OCoLC)1320867508h</subfield
    ></datafield
  ><datafield ind1=' ' ind2=' ' tag='035'
  ><subfield code='a'
    >(OCoLC)on1320867508h</subfield
    ></datafield
  ><datafield ind1=' ' ind2=' ' tag='040'
  ><subfield code='a'
    >HRH</subfield
    ><subfield code='b'
    >eng</subfield
    ><subfield code='e'
    >dcrmmss</subfield
    ><subfield code='c'
    >HRH</subfield
    ></datafield
  ><datafield ind1=' ' ind2=' ' tag='041'
  ><subfield code='a'
    >ita</subfield
    ></datafield
  ><datafield ind1=' ' ind2=' ' tag='049'
  ><subfield code='a'
    >HRHH</subfield
    ></datafield
  ><datafield ind1=' ' ind2='9' tag='099'
  ><subfield code='a'
    >MS 3327, Container 103</subfield
    ></datafield
  ><datafield ind1='0' ind2='0' tag='245'
  ><subfield code='a'
    >Oreste e Pylade, a tragedy :</subfield
    ><subfield code='k'
    >manuscript.</subfield
    ></datafield
  ><datafield ind1=' ' ind2=' ' tag='260'
  ><subfield code='a'
    >Italy (Florence) ;</subfield
    ><subfield code='c'
    >17th century?</subfield
    ></datafield
  ><datafield ind1=' ' ind2=' ' tag='300'
  ><subfield code='a'
    >85 leaves :</subfield
    ><subfield code='b'
    >paper,</subfield
    ><subfield code='c'
    >27 x 20 cm</subfield
    ></datafield
  ><datafield ind1=' ' ind2=' ' tag='506'
  ><subfield code='a'
    >Use: Unrestricted, for either reading room or classroom use</subfield
    ></datafield
  ><datafield ind1=' ' ind2=' ' tag='520'
  ><subfield code='a'
    >The tragedy (fol. 1r-66v) is followed by three blank leaves, then a smaller gathering of sixteen leaves copied by Johannes Tartalea, public notary and citizen of Badia, Bolzano concerning the Comentaria Erythreae Sybillae ascribed to Fr. Ludovico de Tovar, Hispanus, O. P.; the prophecies of St. Brigid (chapter IX); schisms and persecutions of the Church; and the opening to prophecies of [St. Joachim?].</subfield
    ></datafield
  ><datafield ind1=' ' ind2=' ' tag='590'
  ><subfield code='a'
    >MS 3327, Container 103: Bookplate of the Rev. Walter Sneyd (1809-1888) of Cheverels, Hertfordshire on the inside front cover; signature of A. C. R. Carter on note card tipped in on front pastedown; the book was offered as no. 131 in an unidentified English-language bookseller&apos;s catalog; acquired by the Ransom Center in 1961 from Peter Eaton. DIDB: 38390. Binding (Italian? 17th /18th c?): Full calfskin parchment over paper boards. Reverse caps, cut edges, covering material molded over sewing supports/natural hollow, no decoration, faded writing in ink on spine.  Sewn on four cords adhered to inside of boards; spine lining with extensions (not visible) adhered to inside of boards. Sewn endbands (blue/white) over parchment cores laced through outer joints. Endleaf components: front separate block-printed handmade laid paper pastedown overlapped at spine fold (across inner joint) with second sheet of same, making free endleaf, tipped sheet off-white handmade laid paper making additional free endleaf;  back same.</subfield
    ></datafield
  ><datafield ind1='1' ind2=' ' tag='790'
  ><subfield code='a'
    >Sneyd, Walter, 1809-1888,</subfield
    ><subfield code='e'
    >former owner.</subfield
    ></datafield
  ><datafield ind1='1' ind2=' ' tag='790'
  ><subfield code='a'
    >Carter, A. C. R.,</subfield
    ><subfield code='e'
    >former owner.</subfield
    ></datafield
  ><datafield ind1='1' ind2=' ' tag='790'
  ><subfield code='a'
    >Eaton, Peter,</subfield
    ><subfield code='e'
    >former owner.</subfield
    ></datafield
  ><datafield ind1='2' ind2=' ' tag='791'
  ><subfield code='a'
    >Medieval and Early Modern Manuscripts Collection.</subfield
    ></datafield
  ><datafield ind1=' ' ind2=' ' tag='752'
  ><subfield code='a'
    >Italy,</subfield
    ><subfield code='e'
    >producation place.</subfield
    ></datafield
  ><datafield ind1='1' ind2=' ' tag='979'
  ><subfield code='a'
    >Sneyd, Walter, 1809-1888,</subfield
    ><subfield code='e'
    >former owner.</subfield
    ></datafield
  ><datafield ind1='1' ind2=' ' tag='979'
  ><subfield code='a'
    >Carter, A. C. R.,</subfield
    ><subfield code='e'
    >former owner.</subfield
    ></datafield
  ><datafield ind1='1' ind2=' ' tag='979'
  ><subfield code='a'
    >Eaton, Peter,</subfield
    ><subfield code='e'
    >former owner.</subfield
    ></datafield
  ><datafield ind1='2' ind2=' ' tag='979'
  ><subfield code='a'
    >Medieval and Early Modern Manuscripts Collection.</subfield
    ></datafield
  ><datafield ind1=' ' ind2=' ' tag='994'
  ><subfield code='a'
    >C0</subfield
    ><subfield code='b'
    >HRH</subfield
    ></datafield
  ></record
>